01RETORNO01COBRANCA       184200186327        Nacon Engenharia              341BANCO ITAU SA  271120                                                                                                                                                                                                                                                                                                      000001
10209416514000105184200186327    000012341234                 123412340000000000000109                     I01          30122000000000130253410000008N2711202 0 00000000000102711200000000001000000000000000000000000000000190006019000138ACADEMICO CONSTRUTORA                   RUA DARLENE DOS SANTOS, 916             VILA DOMINGU15975214VOTORANTIM     SPNACON ENGENHARIA                  27112010 000002
9                                                                                                                                                                                                                                                                                                                                                                                                         000003
