01REMESSA01COBRANCA       184200186327        Nacon Engenharia              341BANCO ITAU SA  171120                                                                                                                                                                                                                                                                                                      000001
10209416514000105184200186327    0000111                      000001110000000000000109                     I01          27112000000000111123410000008N1111202 0 00000000000101711200000000001000000000000000000000000000000100030725000122ASCENDER S/A                            RUA JORGE MAYUCHO, 502                  SANTA MARIA 15975214VOTORANTIM     SPNACON ENGENHARIA                  17112010 000002
9                                                                                                                                                                                                                                                                                                                                                                                                         000003
