01RETORNO01COBRANCA       184200186327        Nacon Engenharia              341BANCO ITAU SA  111120                                                                                                                                                                                                                                                                                                      000001
10209416514000105184200186327    000099634406                 115937720000000000000109                     I01          04122000000006767523410000008N1111202 0 00000000000103011990000000001000000000000000000000000000000192634731000107FOCAL POINT S/A                         RUA RAFAEL MARTINS, 622                 VILA VOTOCEL15975214VOTORANTIM     SPNACON ENGENHARIA                  30119910 000002
9                                                                                                                                                                                                                                                                                                                                                                                                         000003
