01REMESSA01COBRANCA       184200186327        Nacon Engenharia              341BANCO ITAU SA  191120                                                                                                                                                                                                                                                                                                      000001
10209416514000105184200186327    000012341234                 123412340000000000000109                     I01          30112000000000123453410000008N1911202 0 00000000000101911200000000001000000000000000000000000000000104439769000161BLOCO MATERIAIS                         RUA EUGENIO SALERNO, 507                CENTRO      15975214SOROCABA       SPNACON ENGENHARIA                  19112010 000002
9                                                                                                                                                                                                                                                                                                                                                                                                         000003
