01REMESSA01COBRANCA       184200186327        Nacon Engenharia              341BANCO ITAU SA  301120                                                                                                                                                                                                                                                                                                      000001
10209416514000105184200186327    000012341234                 123412340000000000000109                     I01          01122000000000125553410000008N3011202 0 00000000000103011200000000001000000000000000000000000000000130936416000187ALTUS MATERIAIS                         VIELA JANETE SANCHES MOLINA FORAMIGLIO, COLORAU     15975214SOROCABA       SPNACON ENGENHARIA                  30112010 000002
9                                                                                                                                                                                                                                                                                                                                                                                                         000003
