01REMESSA01COBRANCA       184200186327        Nacon Engenharia              341BANCO ITAU SA  191120                                                                                                                                                                                                                                                                                                      000001
10209416514000105184200186327    000012341234                 123412340000000000000109                     I01          12112000000000123123410000008N1911202 0 00000000000101911200000000001000000000000000000000000000000110299047000151WISE S/A                                RUA ANTONIO SOARES DA SILVA, 822        JARDIM NOVO 15975214VOTORANTIM     SPNACON ENGENHARIA                  19112010 000002
9                                                                                                                                                                                                                                                                                                                                                                                                         000003
